%% This BibTeX bibliography file was created using BibDesk.
%% http://bibdesk.sourceforge.net/

%% Created for Diego Perez Liebana at 2014-12-03 12:37:26 +0000 


%% Saved with string encoding Unicode (UTF-8) 


@comment{jabref-meta: selector_review:}
@comment{jabref-meta: selector_publisher:}
@comment{jabref-meta: selector_author:}
@comment{jabref-meta: selector_journal:}
@comment{jabref-meta: selector_keywords:}



@article{Browne2012,
	Author = {Cameron Browne and Edward J. Powley and Daniel Whitehouse and Simon Lucas and Peter I. Cowling and Philipp Rohlfshagen and Stephen Tavener and Diego Perez and Spyridon Samothrakis and Simon Colton},
	Date-Added = {2014-12-03 11:45:45 +0000},
	Date-Modified = {2014-12-03 11:45:45 +0000},
	Journal = {IEEE Transactions on Computational Intelligence and AI in Games},
	Owner = {diego},
	Pages = {1--43},
	Timestamp = {2012.04.16},
	Title = {{A Survey of Monte Carlo Tree Search Methods}},
	Volume = {4:1},
	Year = {2012}}
