



@article{Browne2012,
	Author = {Cameron Browne and Edward J. Powley and Daniel Whitehouse and Simon Lucas and Peter I. Cowling and Philipp Rohlfshagen and Stephen Tavener and Diego Perez and Spyridon Samothrakis and Simon Colton},
	Date-Added = {2014-12-03 11:45:45 +0000},
	Date-Modified = {2014-12-03 11:45:45 +0000},
	Journal = {IEEE Transactions on Computational Intelligence and AI in Games},
	Owner = {diego},
	Pages = {1--43},
	Timestamp = {2012.04.16},
	Title = {{A Survey of Monte Carlo Tree Search Methods}},
	Volume = {4:1},
	Year = {2012}
}


@article{BrowneMCTSurvey,
  added-at = {2012-04-19T00:00:00.000+0200},
  author = {Browne, Cameron and Powley, Edward J. and Whitehouse, Daniel and Lucas, Simon M. and Cowling, Peter I. and Rohlfshagen, Philipp and Tavener, Stephen and Perez, Diego and Samothrakis, Spyridon and Colton, Simon},
  biburl = {http://www.bibsonomy.org/bibtex/214327bfa3867a48fd88ece39270fc79a/dblp},
  ee = {http://dx.doi.org/10.1109/TCIAIG.2012.2186810},
  interhash = {93124d4e3f28f3c31bf4b34b961650b0},
  intrahash = {14327bfa3867a48fd88ece39270fc79a},
  journal = {IEEE Trans. Comput. Intellig. and AI in Games},
  keywords = {dblp},
  number = 1,
  pages = {1-43},
  timestamp = {2012-04-19T00:00:00.000+0200},
  title = {A Survey of Monte Carlo Tree Search Methods.},
  url = {http://dblp.uni-trier.de/db/journals/tciaig/tciaig4.html#BrownePWLCRTPSC12},
  volume = 4,
  year = 2012
}

@inproceedings{DesurvireCT04,
  added-at = {2006-02-10T00:00:00.000+0100},
  author = {Desurvire, Heather and Caplan, Martin and Toth, Jozsef A.},
  booktitle = {CHI Extended Abstracts},
  date = {2006-02-10},
  description = {dblp},
  editor = {Dykstra-Erickson, Elizabeth and Tscheligi, Manfred},
  ee = {http://doi.acm.org/10.1145/985921.986102},
  isbn = {1-58113-703-6},
  keywords = {dblp},
  pages = {1509-1512},
  publisher = {ACM},
  timestamp = {2006-02-10T00:00:00.000+0100},
  title = {Using heuristics to evaluate the playability of games.},
  url = {http://dblp.uni-trier.de/db/conf/chi/chi2004a.html#DesurvireCT04},
  year = 2004
}


